%% This BibTeX bibliography file was created using BibDesk.
%% http://bibdesk.sourceforge.net/

%% Created for Keely Hill at 2018-04-02 11:24:49 -0400 


%% Saved with string encoding Unicode (UTF-8) 



@article{pkt-in-pkt,
	Author = {Travis Goodspeed and Sergey Bratus and Ricky Melgares and Rebecca Shapiro and Ryan Speers},
	Date-Added = {2018-03-31 19:56:23 +0000},
	Date-Modified = {2018-04-02 15:24:49 +0000},
	Journal = {USENIX Workshop on Offensive Technologies},
	Read = {1},
	Title = {Packets in Packets:Orson Welles' In-Band Signaling Attacks for Modern Radios},
	Year = {2011}}
	
@inproceedings{dialect,
  title={Speaking the Local Dialect: Exploiting differences between IEEE 802.15.4 Receivers with Commodity Radios for fingerprinting, targeted attacks, and WIDS evasion},
  author={Ira Ray Jenkins and Sergey Bratus and Travis Goodspeed and Ryan Speers and David Dowd},
  year={2014}
}

@article{lora-jam,
   author = {{Aras}, E. and {Small}, N. and {Sankar Ramachandran}, G. and 
	{Delbruel}, S. and {Joosen}, W. and {Hughes}, D.},
    title = "{Selective Jamming of LoRaWAN using Commodity Hardware}",
  journal = {ArXiv e-prints},
archivePrefix = "arXiv",
   eprint = {1712.02141},
 primaryClass = "cs.NI",
 keywords = {Computer Science - Networking and Internet Architecture},
     year = 2017,
    month = dec
}


@article{grcon,
	Author = {Matthew Knight and Balint Seeber},
	Journal = {Proceedings of the GNU Radio Conference},
	Number = {1},
	Title = {Decoding LoRa: Realizing a Modern LPWAN with SDR},
	Url = {https://pubs.gnuradio.org/index.php/grcon/article/view/8},
	Volume = {1},
	Year = {2016},
	Bdsk-Url-1 = {https://pubs.gnuradio.org/index.php/grcon/article/view/8}}

@electronic{lora-all,
	Date-Added = {2018-02-12 18:58:37 +0000},
	Date-Modified = {2018-02-12 18:59:25 +0000},
	Title = {LoRa Alliance Technology},
	Url = {https://www.lora-alliance.org/technology},
	Bdsk-Url-1 = {https://www.lora-alliance.org/technology}}

@webpage{radiohead,
	Date-Added = {2018-02-12 18:33:23 +0000},
	Date-Modified = {2018-03-31 19:56:15 +0000},
	Lastchecked = {2018-02-12},
	Read = {0},
	Title = {RadioHead Packet Radio library for embedded microprocessors},
	Url = {http://www.airspayce.com/mikem/arduino/RadioHead/},
	Bdsk-Url-1 = {http://www.airspayce.com/mikem/arduino/RadioHead/}}

@webpage{sandeep,
	Date-Added = {2018-03-31 14:00:00 +0000},
	Lastchecked = {2018-03-31},
	Read = {0},
	Title = {Arduino LoRa},
	Url = {https://github.com/sandeepmistry/arduino-LoRa},
	Bdsk-Url-1 = {https://github.com/sandeepmistry/arduino-LoRa}}

@webpage{gnuradio,
	Date-Added = {2018-02-23 18:33:23 +0000},
	Date-Modified = {2018-02-23 18:36:50 +0000},
	Lastchecked = {2018-02-23},
	Read = {1},
	Title = {GNU Radio},
	Url = {https://www.gnuradio.org},
	Bdsk-Url-1 = {https://www.gnuradio.org}}

@webpage{ada-lora,
	Date-Added = {2018-03-28 14:14:00 +0000},
	Date-Modified = {2018-03-28 14:14:00 +0000},
	Lastchecked = {2018-03-28},
	Read = {1},
	Title = {Adafruit Feather M0 with RFM95 LoRa Radio - 900MHz},
	Url = {https://www.adafruit.com/product/3178},
	Bdsk-Url-1 = {https://www.adafruit.com/product/3178}}
